@inproceedings{uav123,
 title={A Benchmark and Simulator for UAV Tracking},
 author={Matthias Mueller and Neil Smith and Bernard Ghanem},
 booktitle={Proc. of the European Conference on Computer Vision (ECCV)},
 year={2016}
}

@inproceedings{siammask,
    title={Fast online object tracking and segmentation: A unifying approach},
    author={Wang, Qiang and Zhang, Li and Bertinetto, Luca and Hu, Weiming and Torr, Philip HS},
    booktitle={Proceedings of the IEEE conference on computer vision and pattern recognition},
    year={2019}
}

@inproceedings{dtb70,
    title={Visual object tracking for unmanned aerial vehicles: A benchmark and new motion models},
    author={Li, Siyi and Yeung, Dit-Yan},
    booktitle = {AAAI},
    year={2017}
}

@InProceedings{tbnls,
author = {Li, Zhenyang and Tao, Ran and Gavves, Efstratios and Snoek, Cees G. M. and Smeulders, Arnold W.M.},
title = {Tracking by Natural Language Specification},
booktitle = {The IEEE Conference on Computer Vision and Pattern Recognition (CVPR)},
month = {July},
year = {2017}
}

@InProceedings{ptb,
author = {Song, Shuran and Xiao, Jianxiong},
title = {Tracking Revisited Using RGBD Camera: Unified Benchmark and Baselines},
booktitle = {The IEEE International Conference on Computer Vision (ICCV)},
month = {December},
year = {2013}
}

@incollection{dlt,
title = {Learning a Deep Compact Image Representation for Visual Tracking},
author = {Wang, Naiyan and Yeung, Dit-Yan},
booktitle = {Advances in Neural Information Processing Systems 26},
year = {2013}
}

@article{dnt,
   title={Dual Deep Network for Visual Tracking},
   author={Chi, Zhizhen and Li, Hongyang and Lu, Huchuan and Yang, Minghsuan},
   volume={26},
   issue={4},
   pages={2005-2015},
   journal={IEEE Transaction on Image Processing},
   year={2017}
}

@article{crt,
  title={Convolutional Regression for Visual Tracking},
  author={Chen, Kai and Tao, Wenbing},
  journal={arXiv preprint arXiv:1611.04215},
  year={2016}
}

@article{ferrers,
  title={"Ferrers Diagram." From MathWorld--A Wolfram Web Resource.},
  author={Weisstein, Eric W},
  url={https://mathworld.wolfram.com/FerrersDiagram.html}
}

@InProceedings{fcn,
author = {Long, Jonathan and Shelhamer, Evan and Darrell, Trevor},
title = {Fully Convolutional Networks for Semantic Segmentation},
booktitle = {The IEEE Conference on Computer Vision and Pattern Recognition (CVPR)},
month = {June},
year = {2015}
}

@article{nuspro,
  title={{NUS-PRO: A New Visual Tracking Challenge}},
  author={Li, A and Lin, M and Wu, Y and Yang, MH and Yan, S},
  journal={ IEEE Transactions on Pattern Analysis and Machine Intelligence},
  volume={38},
  number={2},
  pages={335--349},
  year={2016}
}

@inproceedings{spt,
  title={Superpixel tracking},
  author={Wang, Shu and Lu, Huchuan and Yang, Fan and Yang, Ming-Hsuan},
  booktitle={Computer Vision (ICCV), 2011 IEEE International Conference on},
  pages={1323--1330},
  year={2011},
  organization={IEEE}
}


@inproceedings{ts,
	author = {Anton Milan and Laura Leal-Taix√© and Konrad Schindler and Ian Reid},
	booktitle = {CVPR},
	title = {Joint Tracking and Segmentation of Multiple Targets},
	year = {2015}
}

@inproceedings{acfn,
	author = {Jongwon Choi and Hyung Jin Chang and Sangdoo Yun and Tobias Fischer and Yiannis Demiris and Jin Young Choi},
	booktitle = {CVPR},
	title = {Attentional Correlation Filter Network for Adaptive Visual Tracking},
	year = {2017}
}

@inproceedings{adnet,
	author = {Sangdoo Yun, Jongwon Choi and Youngjoon Yoo and Kimin Yun and Jin Young Choi},
	booktitle = {CVPR},
	title = {Action-Decision Networks for Visual Tracking with Deep Reinforcement Learning},
	year = {2017}
}

@article{cfnet,
  title={End-to-end representation learning for Correlation Filter based tracking},
  author={Valmadre, Jack and Bertinetto, Luca and Henriques, Jo{\~a}o F and Vedaldi, Andrea and Torr, Philip HS},
  journal={CoRR},
  year={2017}
}

@article{eco,
  author    = {Martin Danelljan and
               Goutam Bhat and
               Fahad Shahbaz Khan and
               Michael Felsberg},
  title     = {{ECO:} Efficient Convolution Operators for Tracking},
  journal   = {CoRR},
  year      = {2016}
}

@article{cnnsvm,
title={Online Tracking by Learning Discriminative Saliency Map with Convolutional Neural Network},
author={Hong, Seunghoon and You, Tackgeun and Kwak, Suha and Han, Bohyung},
pages={597--606},
year={2015}}

@article{imagenet,
title={ImageNet: A large-scale hierarchical image database},
author={Deng, Jia and Dong, Wei and Socher, Richard and Li, Lijia and Li, K and Feifei, Li},
pages={248--255},
year={2009}}

@article{alexnet,
title={ImageNet classification with deep convolutional neural networks},
author={Krizhevsky, Alex and Sutskever, Ilya and Hinton, Geoffrey E},
pages={1097--1105},
year={2012}}

@inproceedings{otb,
  Title = {Online Object Tracking: A Benchmark},
  Author = {Yi Wu and Jongwoo Lim and Ming-Hsuan Yang},
  Booktitle = {IEEE Conference on Computer Vision and Pattern Recognition (CVPR)},
  Year = {2013}
}

@inproceedings{learnet,
  author    = {Luca Bertinetto and
               Jo{\~{a}}o F. Henriques and
               Jack Valmadre and
               Philip H. S. Torr and
               Andrea Vedaldi},
  title     = {Learning feed-forward one-shot learners},
  booktitle = {Advances in Neural Information Processing Systems 29: Annual Conference
               on Neural Information Processing Systems 2016, December 5-10, 2016,
               Barcelona, Spain},
  year      = {2016}
  }

  @article{dmsrdcf,
    author    = {Susanna Gladh and
                 Martin Danelljan and
                 Fahad Shahbaz Khan and
                 Michael Felsberg},
    title     = {Deep Motion Features for Visual Tracking},
    journal   = {CoRR},
    year      = {2016}
}

@inproceedings{sint,
  author    = {Ran Tao and
               Efstratios Gavves and
               Arnold W. M. Smeulders},
  title     = {Siamese Instance Search for Tracking},
  booktitle = {2016 {IEEE} Conference on Computer Vision and Pattern Recognition,
               {CVPR} 2016, Las Vegas, NV, USA, June 27-30, 2016},
  year      = {2016}
  }

  @article{tld,
    title={Tracking-Learning-Detection},
    author={Kalal, Zdenek and Mikolajczyk, Krystian and Matas, Jiri},
    journal={IEEE Transactions on Pattern Analysis \& Machine Intelligence},
    year={2012},
  }

  @inproceedings{1994handtracking,
  title={A Convolutional Neural Network Hand Tracker},
  author={Nowlan, Steven J. and Platt, John C.},
  booktitle={Advances in Neural Information Processing Systems 7},
  pages={901--908},
  year={1995},
}
  @misc{vot,
  	author = {Matej Kristan and Jiri Matas and Ale\v{s} Leonardis and Tomas Vojir and Roman Pflugfelder and Gustavo Fernandez and Georg Nebehay and Fatih Porikli and Luka \v{C}ehovin},
  	title = {A Novel Performance Evaluation Methodology for Single-Target Trackers},
  	year = {2016},
      journal   = {CoRR}
  }
@inproceedings{siamesefc,
  title={Fully-convolutional siamese networks for object tracking},
  author={Bertinetto, Luca and Valmadre, Jack and Henriques, Jo{\~a}o F and Vedaldi, Andrea and Torr, Philip HS},
  booktitle={European Conference on Computer Vision},
  pages={850--865},
  year={2016},
  organization={Springer}
}

@inproceedings{cf2,
  title={Hierarchical convolutional features for visual tracking},
  author={Ma, Chao and Huang, Jia-Bin and Yang, Xiaokang and Yang, Ming-Hsuan},
  booktitle={Proceedings of the IEEE International Conference on Computer Vision},
  pages={3074--3082},
  year={2015}
}

@inproceedings{goturn,
  title={Learning to Track at 100 FPS with Deep Regression Networks},
  author={Held, David and Thrun, Sebastian and Savarese, Silvio},
  booktitle = {European Conference Computer Vision (ECCV)},
  year      = {2016}
}

@article{lecun,
title={Backpropagation applied to handwritten zip code recognition},
author={Lecun, Y and Boser, Bernhard E and Denker, J S and Henderson, Donnie and Howard, R E and Hubbard, W and Jackel, L D},
journal={Neural Computation},
volume={1},
number={4},
pages={541--551},
year={1989}}

@article{tnn10,
title={Human Tracking Using Convolutional Neural Networks},
author={Fan, Jialue and Xu, Wei and Wu, Ying and Gong, Yihong},
journal={IEEE Transactions on Neural Networks},
volume={21},
number={10},
pages={1610--1623},
year={2010}}

@article{caffe,
  Author = {Jia, Yangqing and Shelhamer, Evan and Donahue, Jeff and Karayev, Sergey and Long, Jonathan and Girshick, Ross and Guadarrama, Sergio and Darrell, Trevor},
  Journal = {arXiv preprint arXiv:1408.5093},
  Title = {Caffe: Convolutional Architecture for Fast Feature Embedding},
  Year = {2014}
}

@inproceedings{bing,
  title={BING: Binarized normed gradients for objectness estimation at 300fps},
  author={Cheng, Ming-Ming and Zhang, Ziming and Lin, Wen-Yan and Torr, Philip},
  booktitle={Proceedings of the IEEE conference on computer vision and pattern recognition},
  pages={3286--3293},
  year={2014}
}

@inproceedings{cmt,
  title={Consensus-based matching and tracking of keypoints for object tracking},
  author={Nebehay, Georg and Pflugfelder, Roman},
  booktitle={Applications of Computer Vision (WACV), 2014 IEEE Winter Conference on},
  pages={862--869},
  year={2014},
  organization={IEEE}
}

@article{13survey,
title={A survey of appearance models in visual object tracking},
author={Li, X and Hu, Weiming and Shen, Chunhua and Zhang, Zhongfei and Dick, Anthony and Den Hengel, Anton Van},
journal={ACM Transactions on Intelligent Systems and Technology},
volume={4},
number={4},
pages={58},
year={2013}}

@inproceedings{aaai17bp,
  author    = {Russell Stewart and
               Stefano Ermon},
  title     = {Label-Free Supervision of Neural Networks with Physics and Domain
               Knowledge},
  booktitle = {Proceedings of the Thirty-First {AAAI} Conference on Artificial Intelligence,
               February 4-9, 2017, San Francisco, California, {USA.}},
  pages     = {2576--2582},
  year      = {2017}
}



@article{14survey,
  author    = {Arnold W. M. Smeulders and
               Dung Manh Chu and
               Rita Cucchiara and
               Simone Calderara and
               Afshin Dehghan and
               Mubarak Shah},
  title     = {Visual Tracking: An Experimental Survey},
  journal   = {{IEEE} Trans. Pattern Anal. Mach. Intell.},
  volume    = {36},
  number    = {7},
  pages     = {1442--1468},
  year      = {2014}
}

@article{DBLP:journals/corr/CehovinLLK16,
  author    = {Luka Cehovin and
               Alan Lukezic and
               Ales Leonardis and
               Matej Kristan},
  title     = {Beyond standard benchmarks: Parameterizing performance evaluation
               in visual object tracking},
  journal   = {CoRR},
  volume    = {abs/1612.00089},
  year      = {2016},
  url       = {http://arxiv.org/abs/1612.00089},
  timestamp = {Mon, 02 Jan 2017 11:09:15 +0100},
  biburl    = {http://dblp.uni-trier.de/rec/bib/journals/corr/CehovinLLK16},
  bibsource = {dblp computer science bibliography, http://dblp.org}
}

@article{06survey,
  author    = {Alper Yilmaz and
               Omar Javed and
               Mubarak Shah},
  title     = {Object tracking: {A} survey},
  journal   = {{ACM} Comput. Surv.},
  volume    = {38},
  number    = {4},
  pages     = {13},
  year      = {2006}
}

@inproceedings{rcnn,
  title={Rich feature hierarchies for accurate object detection and semantic segmentation},
  author={Girshick, Ross and Donahue, Jeff and Darrell, Trevor and Malik, Jitendra},
  booktitle={Proceedings of the IEEE conference on computer vision and pattern recognition},
  pages={580--587},
  year={2014}
}

@article{drt,
  title={Deep relative tracking},
  author={Gao, Junyu and Zhang, Tianzhu and Yang, Xiaoshan and Xu, Changsheng},
  journal={IEEE Transactions on Image Processing},
  volume={26},
  number={4},
  pages={1845--1858},
  year={2017},
  publisher={IEEE}
}


@inproceedings{deepsrdcf,
  title={Convolutional features for correlation filter based visual tracking},
  author={Danelljan, Martin and Hager, Gustav and Shahbaz Khan, Fahad and Felsberg, Michael},
  booktitle={Proceedings of the IEEE International Conference on Computer Vision Workshops},
  pages={58--66},
  year={2015}
}


@inproceedings{rtt,
  title={Recurrently target-attending tracking},
  author={Cui, Zhen and Xiao, Shengtao and Feng, Jiashi and Yan, Shuicheng},
  booktitle={Proceedings of the IEEE Conference on Computer Vision and Pattern Recognition},
  pages={1449--1458},
  year={2016}
}


@article{struck,
  title={Struck: Structured output tracking with kernels},
  author={Hare, Sam and Golodetz, Stuart and Saffari, Amir and Vineet, Vibhav and Cheng, Ming-Ming and Hicks, Stephen L and Torr, Philip HS},
  journal={IEEE transactions on pattern analysis and machine intelligence},
  volume={38},
  number={10},
  pages={2096--2109},
  year={2016},
  publisher={IEEE}
}


@article{tcnn,
  author    = {Hyeonseob Nam and
               Mooyeol Baek and
               Bohyung Han},
  title     = {Modeling and Propagating CNNs in a Tree Structure for Visual Tracking},
  journal   = {CoRR},
  volume    = {abs/1608.07242},
  year      = {2016}
}

@inproceedings{learnet,
  author    = {Luca Bertinetto and
               Jo{\~{a}}o F. Henriques and
               Jack Valmadre and
               Philip H. S. Torr and
               Andrea Vedaldi},
  title     = {Learning feed-forward one-shot learners},
  booktitle = {Advances in Neural Information Processing Systems 29: Annual Conference
               on Neural Information Processing Systems 2016, December 5-10, 2016,
               Barcelona, Spain},
  pages     = {523--531},
  year      = {2016}
}

@article{sanet,
  author    = {Heng Fan and
               Haibin Ling},
  title     = {SANet: Structure-Aware Network for Visual Tracking},
  journal   = {CoRR},
  volume    = {abs/1611.06878},
  year      = {2016}
}

@inproceedings{sint,
  author    = {Ran Tao and
               Efstratios Gavves and
               Arnold W. M. Smeulders},
  title     = {Siamese Instance Search for Tracking},
  booktitle = {2016 {IEEE} Conference on Computer Vision and Pattern Recognition,
               {CVPR} 2016, Las Vegas, NV, USA, June 27-30, 2016},
  pages     = {1420--1429},
  year      = {2016}
}

@article{rolo,
  title={Spatially Supervised Recurrent Convolutional Neural Networks for Visual Object Tracking},
  author={Ning, Guanghan and Zhang, Zhi and Huang, Chen and He, Zhihai and Ren, Xiaobo and Wang, Haohong},
  journal={arXiv preprint arXiv:1607.05781},
  year={2016}
}

@article{sodlt,
  title={Transferring rich feature hierarchies for robust visual tracking},
  author={Wang, Naiyan and Li, Siyi and Gupta, Abhinav and Yeung, Dit-Yan},
  journal={arXiv preprint arXiv:1501.04587},
  year={2015}
}

@inproceedings{stct,
  title={Stct: Sequentially training convolutional networks for visual tracking},
  author={Wang, Lijun and Ouyang, Wanli and Wang, Xiaogang and Lu, Huchuan},
  year={2016},
  organization={CVPR}
}

@inproceedings{fcnt,
  title={Visual tracking with fully convolutional networks},
  author={Wang, Lijun and Ouyang, Wanli and Wang, Xiaogang and Lu, Huchuan},
  booktitle={Proceedings of the IEEE International Conference on Computer Vision},
  pages={3119--3127},
  year={2015}
}

@inproceedings{diagnose,
  title={Understanding and diagnosing visual tracking systems},
  author={Wang, Naiyan and Shi, Jianping and Yeung, Dit-Yan and Jia, Jiaya},
  booktitle={Proceedings of the IEEE International Conference on Computer Vision},
  pages={3101--3109},
  year={2015}
}

@article{squeezenet,
  author    = {Forrest N. Iandola and
               Matthew W. Moskewicz and
               Khalid Ashraf and
               Song Han and
               William J. Dally and
               Kurt Keutzer},
  title     = {SqueezeNet: AlexNet-level accuracy with 50x fewer parameters and {\textless}1MB
               model size},
  journal   = {CoRR},
  volume    = {abs/1602.07360},
  year      = {2016}
}

@article{mdnet,
  title={Learning multi-domain convolutional neural networks for visual tracking},
  author={Nam, Hyeonseob and Han, Bohyung},
  journal={arXiv preprint arXiv:1510.07945},
  year={2015}
}

@inproceedings{zhu2016robust,
  title={Robust visual tracking with deep convolutional neural network based object proposals on PETS},
  author={Zhu, Gao and Porikli, Fatih and Li, Hongdong},
  booktitle={Proceedings of the IEEE Conference on Computer Vision and Pattern Recognition Workshops},
  pages={26--33},
  year={2016}
}

@inproceedings{hdt,
  title={Hedged Deep Tracking},
  author={Qi, Yuankai and Zhang, Shengping and Qin, Lei and Yao, Hongxun and Huang, Qingming and Yang, Jongwoo Lim Ming-Hsuan},
  booktitle={Proceedings of IEEE Conference on Computer Vision and Pattern Recognition},
  year={2016}
}

@article{cnt,
  title={Robust Visual Tracking via Convolutional Networks Without Training},
  author={Zhang, Kaihua and Liu, Qingshan and Wu, Yi and Yang, Ming-Hsuan},
  journal={IEEE Transactions on Image Processing},
  volume={25},
  number={4},
  pages={1779--1792},
  year={2016},
  publisher={IEEE}
}

@article{cnnspeech,
title={Convolutional Networks for Speech Detection},
author={Sukittanon, Somsak and Surendran, Arun C and Platt, John and Burges, Chris J C},
year={2004}}

@article{chen2016cnntracker:,
title={CNNTracker: Online discriminative object tracking via deep convolutional neural network},
author={Chen, Yan and Yang, Xiangnan and Zhong, Bineng and Pan, Shengnan and Chen, Duansheng and Zhang, Huizhen},
journal={Applied Soft Computing},
volume={38},
pages={1088--1098},
year={2016}}

@article{li2016deeptrack:,
title={DeepTrack: Learning Discriminative Feature Representations Online for Robust Visual Tracking},
author={Li, Hanxi and Li, Yi and Porikli, Fatih},
journal={IEEE Transactions on Image Processing},
volume={25},
number={4},
pages={1834--1848},
year={2016}}

@inproceedings{deeptrack,
  author    = {Hanxi Li and
               Yi Li and
               Fatih Porikli},
  title     = {DeepTrack: Learning Discriminative Feature Representations by Convolutional
               Neural Networks for Visual Tracking},
  booktitle = {British Machine Vision Conference, {BMVC} 2014, Nottingham, UK, September
               1-5, 2014},
  year      = {2014}
}

@article{chen2016network,
title={Network in network based weakly supervised learning for visual tracking},
author={Chen, Yan and Yang, Xiangnan and Zhong, Bineng and Zhang, Huizhen and Lin, Changlong},
journal={Journal of Visual Communication and Image Representation},
volume={37},
pages={3--13},
year={2016}}

@article{cnnsvm,
title={Online Tracking by Learning Discriminative Saliency Map with Convolutional Neural Network},
author={Hong, Seunghoon and You, Tackgeun and Kwak, Suha and Han, Bohyung},
pages={597--606},
year={2015}}

@article{li2014robust,
title={Robust Online Visual Tracking with a Single Convolutional Neural Network},
author={Li, Hanxi and Li, Yi and Porikli, Fatih},
pages={194--209},
year={2014}}

@article{lecun2010convolutional,
title={Convolutional networks and applications in vision},
author={Lecun, Yann and Kavukcuoglu, Koray and Farabet, Clement},
pages={253--256},
year={2010}}

@article{doulamis2014semi-supervised,
title={Semi-supervised deep learning for object tracking and classification},
author={Doulamis, Nikolaos and Doulamis, Anastasios},
pages={848--852},
year={2014}}

@article{dai2014a,
title={A low-complexity visual tracking approach with single hidden layer neural networks},
author={Dai, Liang and Zhu, Yuesheng and Luo, Guibo and He, Chao},
pages={810--814},
year={2014}}

@article{denil2012learning,
title={Learning where to attend with deep architectures for image tracking},
author={Denil, Misha and Bazzani, Loris and Larochelle, Hugo and De Freitas, Nando},
journal={Neural Computation},
volume={24},
number={8},
pages={2151--2184},
year={2012}}

@article{bazzani2011learning,
title={Learning Attentional Policies for Tracking and Recognition in Video with Deep Networks},
author={Bazzani, Loris and De Freitas, Nando and Larochelle, Hugo and Murino, Vittorio and Ting, Joanne},
pages={937--944},
year={2011}}

@article{wu2016regional,
title={Regional deep learning model for visual tracking},
author={Wu, Guoxing and Lu, Wenjie and Gao, Guangwei and Zhao, Chunxia and Liu, Jiayin},
journal={Neurocomputing},
volume={175},
pages={310--323},
year={2016}}

@article{li2016convolutional,
title={Convolutional neural net bagging for online visual tracking},
author={Li, Hanxi and Li, Yi and Porikli, Fatih},
journal={Computer Vision and Image Understanding},
volume={153},
pages={120--129},
year={2016}}

@article{ccot,
  title={Beyond correlation filters: Learning continuous convolution operators for visual tracking},
  author={Danelljan, Martin and Robinson, Andreas and Khan, Fahad Shahbaz and Felsberg, Michael},
  journal={arXiv preprint arXiv:1608.03773},
  year={2016}
}


@InProceedings{vggm,
  author       = "Chatfield, K. and Simonyan, K. and Vedaldi, A. and Zisserman, A.",
  title        = "Return of the Devil in the Details: Delving Deep into Convolutional Nets",
  booktitle    = "British Machine Vision Conference",
  year         = "2014",
  archivePrefix= "arXiv",
  eprint       = "1405.3531",
  primaryClass = "cs"
}

@inproceedings{deeptracking,
  author    = {Peter Ondruska and
               Ingmar Posner},
  title     = {Deep Tracking: Seeing Beyond Seeing Using Recurrent Neural Networks},
  booktitle = {Proceedings of the Thirtieth {AAAI} Conference on Artificial Intelligence,
               February 12-17, 2016, Phoenix, Arizona, {USA.}},
  pages     = {3361--3368},
  year      = {2016}
}

@article{vgg,
  author    = {Karen Simonyan and
               Andrew Zisserman},
  title     = {Very Deep Convolutional Networks for Large-Scale Image Recognition},
  journal   = {CoRR},
  volume    = {abs/1409.1556},
  year      = {2014}
}

@inproceedings{uav123,
 title={A Benchmark and Simulator for UAV Tracking},
 author={Matthias Mueller and Neil Smith and Bernard Ghanem},
 booktitle={Proc. of the European Conference on Computer Vision (ECCV)},
 year={2016}
}

@InProceedings{he_init,
author = {He, Kaiming and Zhang, Xiangyu and Ren, Shaoqing and Sun, Jian},
title = {Delving Deep into Rectifiers: Surpassing Human-Level Performance on ImageNet Classification},
booktitle = {The IEEE International Conference on Computer Vision (ICCV)},
month = {December},
year = {2015}
}

@inproceedings{sort,
  author={Bewley, Alex and Ge, Zongyuan and Ott, Lionel and Ramos, Fabio and Upcroft, Ben},
  booktitle={2016 IEEE International Conference on Image Processing (ICIP)},
  title={Simple online and realtime tracking},
  year={2016},
  pages={3464-3468},
  keywords={Benchmark testing;Complexity theory;Detectors;Kalman filters;Target tracking;Visualization;Computer Vision;Data Association;Detection;Multiple Object Tracking},
  doi={10.1109/ICIP.2016.7533003}
}

@INPROCEEDINGS{mosse,
author={D. S. Bolme and J. R. Beveridge and B. A. Draper and Y. M. Lui},
booktitle={2010 IEEE Computer Society Conference on Computer Vision and Pattern Recognition},
title={Visual object tracking using adaptive correlation filters},
year={2010},
volume={},
number={},
pages={2544-2550},
keywords={filtering theory;object detection;tracking;ASEF;MOSSE filter;UMACE;adaptive correlation filters;complex objects;minimum output sum;robust filters;squared error;visual object tracking;visual tracking;Adaptive filters;Cameras;Convolution;Detectors;Object detection;Resumes;Robustness;Target tracking;Video sequences},
doi={10.1109/CVPR.2010.5539960},
ISSN={1063-6919},
month={June},}

@InProceedings{lmcf,
author = {Wang, Mengmeng and Liu, Yong and Huang, Zeyi},
title = {Large Margin Object Tracking With Circulant Feature Maps},
booktitle = {The IEEE Conference on Computer Vision and Pattern Recognition (CVPR)},
month = {July},
year = {2017}
}

@inproceedings{hart,
   title = {Hierarchical Attentive Recurrent Tracking},
   author = {Kosiorek, Adam R and Bewley, Alex and Posner, Ingmar},
   booktitle = {Neural Information Processing Systems},
   url = {http://www.robots.ox.ac.uk/~mobile/Papers/2017NIPS_AdamKosiorek.pdf},
   pdf = {http://www.robots.ox.ac.uk/~mobile/Papers/2017NIPS_AdamKosiorek.pdf},
   year = {2017},
   month = {December}
}

@InProceedings{east,
author = {Huang, Chen and Lucey, Simon and Ramanan, Deva},
title = {Learning Policies for Adaptive Tracking With Deep Feature Cascades},
booktitle = {The IEEE International Conference on Computer Vision (ICCV)},
month = {Oct},
year = {2017}
}

@article {06science,
	author = {Hinton, G. E. and Salakhutdinov, R. R.},
	title = {Reducing the Dimensionality of Data with Neural Networks},
	volume = {313},
	number = {5786},
	pages = {504--507},
	year = {2006},
	doi = {10.1126/science.1127647},
	publisher = {American Association for the Advancement of Science},
	abstract = {High-dimensional data can be converted to low-dimensional codes by training a multilayer neural network with a small central layer to reconstruct high-dimensional input vectors. Gradient descent can be used for fine-tuning the weights in such {\textquotedblleft}autoencoder{\textquotedblright} networks, but this works well only if the initial weights are close to a good solution. We describe an effective way of initializing the weights that allows deep autoencoder networks to learn low-dimensional codes that work much better than principal components analysis as a tool to reduce the dimensionality of data.},
	issn = {0036-8075},
	URL = {http://science.sciencemag.org/content/313/5786/504},
	eprint = {http://science.sciencemag.org/content/313/5786/504.full.pdf},
	journal = {Science}
}


@article{densenet,
  title={Densely Connected Convolutional Networks},
  author={Huang, Gao and Liu, Zhuang and Weinberger, Kilian Q and Laurens, Van Der Maaten,},
  year={2016},
}

@article{resnet,
  title={Deep Residual Learning for Image Recognition},
  author={He, Kaiming and Zhang, Xiangyu and Ren, Shaoqing and Sun, Jian},
  pages={770-778},
  year={2015},
}

@INPROCEEDINGS{hog,
author={N. Dalal and B. Triggs},
booktitle={2005 IEEE Computer Society Conference on Computer Vision and Pattern Recognition (CVPR'05)},
title={Histograms of oriented gradients for human detection},
year={2005},
volume={1},
number={},
pages={886-893 vol. 1},
keywords={feature extraction;gradient methods;object detection;object recognition;support vector machines;coarse spatial binning;contrast normalization;edge based descriptors;fine orientation binning;fine-scale gradients;gradient based descriptors;histograms of oriented gradients;human detection;linear SVM;overlapping descriptor;pedestrian database;robust visual object recognition;High performance computing;Histograms;Humans;Image databases;Image edge detection;Object detection;Object recognition;Robustness;Support vector machines;Testing},
doi={10.1109/CVPR.2005.177},
ISSN={1063-6919},
month={June},}

@inproceedings{lkt,
  title={Good features to track},
  author={Shi, J and Tomasi, C},
  booktitle={Computer Vision and Pattern Recognition, 1994. Proceedings CVPR '94., 1994 IEEE Computer Society Conference on},
  pages={593-600},
  year={2002},
}

@inproceedings{fastrcnn,
  Author = {Ross Girshick},
  Title = {Fast {R-CNN}},
  Booktitle = {Proceedings of the International
               Conference on Computer Vision ({ICCV})},
  Year = {2015}
}

@ARTICLE{tiny,
author={A. Torralba and R. Fergus and W. T. Freeman},
journal={IEEE Transactions on Pattern Analysis and Machine Intelligence},
title={80 Million Tiny Images: A Large Data Set for Nonparametric Object and Scene Recognition},
year={2008},
volume={30},
number={11},
pages={1958-1970},
keywords={Internet;image colour analysis;image recognition;image resolution;object detection;object recognition;Internet;Wordnet;class-specific Viola-Jones style detectors;color images;human visual system;image resolution;nearest-neighbor methods;nonparametric object recognition;nonparametric scene recognition;object classification;Computer vision;Object recognition;large datasets;nearest-neighbor methods;Artificial Intelligence;Database Management Systems;Databases, Factual;Documentation;Image Enhancement;Image Interpretation, Computer-Assisted;Information Storage and Retrieval;Internet;Pattern Recognition, Automated},
doi={10.1109/TPAMI.2008.128},
ISSN={0162-8828},
month={Nov},}

@inproceedings{lk,
  title={An iterative image registration technique with an application to stereo vision},
  author={Lucas, Bruce D. and Kanade, Takeo},
  booktitle={International Joint Conference on Artificial Intelligence},
  pages={674-679},
  year={1981},
}


@inproceedings{dtb70,
    title={Visual object tracking for unmanned aerial vehicles: A benchmark and new motion models},
    author={Li, Siyi and Yeung, Dit-Yan},
    booktitle = {AAAI},
    year={2017}
}

@article{kcf,
  title={High-Speed Tracking with Kernelized Correlation Filters},
  author={Henriques, Joao F. and Rui, Caseiro and Martins, Pedro and Batista, Jorge},
  journal={IEEE Transactions on Pattern Analysis & Machine Intelligence},
  volume={37},
  number={3},
  pages={583-596},
  year={2014},
}

@inproceedings{mosse,
  title={Visual object tracking using adaptive correlation filters},
  author={Bolme, David S. and Beveridge, J. Ross and Draper, Bruce A. and Lui, Yui Man},
  booktitle={Computer Vision and Pattern Recognition},
  pages={2544-2550},
  year={2010},
}

@InProceedings{tbnls,
author = {Li, Zhenyang and Tao, Ran and Gavves, Efstratios and Snoek, Cees G. M. and Smeulders, Arnold W.M.},
title = {Tracking by Natural Language Specification},
booktitle = {The IEEE Conference on Computer Vision and Pattern Recognition (CVPR)},
month = {July},
year = {2017}
}

@InProceedings{ptb,
author = {Song, Shuran and Xiao, Jianxiong},
title = {Tracking Revisited Using RGBD Camera: Unified Benchmark and Baselines},
booktitle = {The IEEE International Conference on Computer Vision (ICCV)},
month = {December},
year = {2013}
}

@incollection{dlt,
title = {Learning a Deep Compact Image Representation for Visual Tracking},
author = {Wang, Naiyan and Yeung, Dit-Yan},
booktitle = {Advances in Neural Information Processing Systems 26},
year = {2013}
}

@article{dnt,
   title={Dual Deep Network for Visual Tracking},
   author={Chi, Zhizhen and Li, Hongyang and Lu, Huchuan and Yang, Minghsuan},
   volume={26},
   issue={4},
   pages={2005-2015},
   journal={IEEE Transaction on Image Processing},
   year={2017}
}

@article{crt,
  title={Convolutional Regression for Visual Tracking},
  author={Chen, Kai and Tao, Wenbing},
  journal={arXiv preprint arXiv:1611.04215},
  year={2016}
}

@InProceedings{fcn,
author = {Long, Jonathan and Shelhamer, Evan and Darrell, Trevor},
title = {Fully Convolutional Networks for Semantic Segmentation},
booktitle = {The IEEE Conference on Computer Vision and Pattern Recognition (CVPR)},
month = {June},
year = {2015}
}

@article{nuspro,
  title={{NUS-PRO: A New Visual Tracking Challenge}},
  author={Li, A and Lin, M and Wu, Y and Yang, MH and Yan, S},
  journal={ IEEE Transactions on Pattern Analysis and Machine Intelligence},
  volume={38},
  number={2},
  pages={335--349},
  year={2016}
}

@inproceedings{spt,
  title={Superpixel tracking},
  author={Wang, Shu and Lu, Huchuan and Yang, Fan and Yang, Ming-Hsuan},
  booktitle={Computer Vision (ICCV), 2011 IEEE International Conference on},
  pages={1323--1330},
  year={2011},
  organization={IEEE}
}


@inproceedings{ts,
	author = {Anton Milan and Laura Leal-Taix√© and Konrad Schindler and Ian Reid},
	booktitle = {CVPR},
	title = {Joint Tracking and Segmentation of Multiple Targets},
	year = {2015}
}

@inproceedings{acfn,
	author = {Jongwon Choi and Hyung Jin Chang and Sangdoo Yun and Tobias Fischer and Yiannis Demiris and Jin Young Choi},
	booktitle = {CVPR},
	title = {Attentional Correlation Filter Network for Adaptive Visual Tracking},
	year = {2017}
}

@inproceedings{adnet,
	author = {Sangdoo Yun, Jongwon Choi and Youngjoon Yoo and Kimin Yun and Jin Young Choi},
	booktitle = {CVPR},
	title = {Action-Decision Networks for Visual Tracking with Deep Reinforcement Learning},
	year = {2017}
}

@article{cfcnn,
  title={When Correlation Filters Meet Convolutional Neural Networks for Visual Tracking},
  author={Ma, Chao and Xu, Yi and Ni, Bingbing and Yang, Xiaokang},
  journal={IEEE Signal Processing Letters},
  volume={23},
  number={10},
  pages={1454-1458},
  year={2016},
}

@inproceedings{vtd,
  title={Visual tracking decomposition},
  author={Kwon, Junseok and Lee, Kyoung Mu},
  booktitle={Computer Vision and Pattern Recognition},
  pages={1269-1276},
  year={2010},
}


@inproceedings{dsst,
  title={Accurate Scale Estimation for Robust Visual Tracking},
  author={Danelljan, Martin and H√§ger, Gustav and Khan, Fahad Shahbaz and Felsberg, Michael},
  booktitle={British Machine Vision Conference},
  pages={65.1-65.11},
  year={2014},
}

@book{meem,
  title={MEEM: Robust Tracking via Multiple Experts Using Entropy Minimization},
  author={Zhang, Jianming and Ma, Shugao and Sclaroff, Stan},
  publisher={Springer International Publishing},
  pages={188-203},
  year={2014},
}

@inproceedings{muster,
  title={MUlti-Store Tracker (MUSTer): A cognitive psychology inspired approach to object tracking},
  author={Hong, Zhibin and Chen, Zhe and Wang, Chaohui and Mei, Xue and Prokhorov, Danil and Tao, Dacheng},
  booktitle={Computer Vision and Pattern Recognition},
  pages={749-758},
  year={2015},
}


@article{imagenet,
title={ImageNet: A large-scale hierarchical image database},
author={Deng, Jia and Dong, Wei and Socher, Richard and Li, Lijia and Li, K and Feifei, Li},
pages={248--255},
year={2009}}

@article{alexnet,
title={ImageNet classification with deep convolutional neural networks},
author={Krizhevsky, Alex and Sutskever, Ilya and Hinton, Geoffrey E},
pages={1097--1105},
year={2012}}

@inproceedings{learnet,
  author    = {Luca Bertinetto and
               Jo{\~{a}}o F. Henriques and
               Jack Valmadre and
               Philip H. S. Torr and
               Andrea Vedaldi},
  title     = {Learning feed-forward one-shot learners},
  booktitle = {Advances in Neural Information Processing Systems 29: Annual Conference
               on Neural Information Processing Systems 2016, December 5-10, 2016,
               Barcelona, Spain},
  year      = {2016}
  }

  @article{dmsrdcf,
    author    = {Susanna Gladh and
                 Martin Danelljan and
                 Fahad Shahbaz Khan and
                 Michael Felsberg},
    title     = {Deep Motion Features for Visual Tracking},
    journal   = {CoRR},
    year      = {2016}
}

@inproceedings{sint,
  author    = {Ran Tao and
               Efstratios Gavves and
               Arnold W. M. Smeulders},
  title     = {Siamese Instance Search for Tracking},
  booktitle = {2016 {IEEE} Conference on Computer Vision and Pattern Recognition,
               {CVPR} 2016, Las Vegas, NV, USA, June 27-30, 2016},
  year      = {2016}
  }

  @article{tld,
    title={Tracking-Learning-Detection},
    author={Kalal, Zdenek and Mikolajczyk, Krystian and Matas, Jiri},
    journal={IEEE Transactions on Pattern Analysis \& Machine Intelligence},
    year={2012},
  }

  @inproceedings{1994handtracking,
  title={A Convolutional Neural Network Hand Tracker},
  author={Nowlan, Steven J. and Platt, John C.},
  booktitle={Advances in Neural Information Processing Systems 7},
  pages={901--908},
  year={1995},
}


@inproceedings{cf2,
  title={Hierarchical convolutional features for visual tracking},
  author={Ma, Chao and Huang, Jia-Bin and Yang, Xiaokang and Yang, Ming-Hsuan},
  booktitle={Proceedings of the IEEE International Conference on Computer Vision},
  pages={3074--3082},
  year={2015}
}


@article{lecun,
title={Backpropagation applied to handwritten zip code recognition},
author={Lecun, Y and Boser, Bernhard E and Denker, J S and Henderson, Donnie and Howard, R E and Hubbard, W and Jackel, L D},
journal={Neural Computation},
volume={1},
number={4},
pages={541--551},
year={1989}}

@article{tnn10,
title={Human Tracking Using Convolutional Neural Networks},
author={Fan, Jialue and Xu, Wei and Wu, Ying and Gong, Yihong},
journal={IEEE Transactions on Neural Networks},
volume={21},
number={10},
pages={1610--1623},
year={2010}}

@article{caffe,
  Author = {Jia, Yangqing and Shelhamer, Evan and Donahue, Jeff and Karayev, Sergey and Long, Jonathan and Girshick, Ross and Guadarrama, Sergio and Darrell, Trevor},
  Journal = {arXiv preprint arXiv:1408.5093},
  Title = {Caffe: Convolutional Architecture for Fast Feature Embedding},
  Year = {2014}
}

@inproceedings{bing,
  title={BING: Binarized normed gradients for objectness estimation at 300fps},
  author={Cheng, Ming-Ming and Zhang, Ziming and Lin, Wen-Yan and Torr, Philip},
  booktitle={Proceedings of the IEEE conference on computer vision and pattern recognition},
  pages={3286--3293},
  year={2014}
}

@inproceedings{cmt,
  title={Consensus-based matching and tracking of keypoints for object tracking},
  author={Nebehay, Georg and Pflugfelder, Roman},
  booktitle={Applications of Computer Vision (WACV), 2014 IEEE Winter Conference on},
  pages={862--869},
  year={2014},
  organization={IEEE}
}

@article{13survey,
title={A survey of appearance models in visual object tracking},
author={Li, X and Hu, Weiming and Shen, Chunhua and Zhang, Zhongfei and Dick, Anthony and Den Hengel, Anton Van},
journal={ACM Transactions on Intelligent Systems and Technology},
volume={4},
number={4},
pages={58},
year={2013}}

@inproceedings{aaai17bp,
  author    = {Russell Stewart and
               Stefano Ermon},
  title     = {Label-Free Supervision of Neural Networks with Physics and Domain
               Knowledge},
  booktitle = {Proceedings of the Thirty-First {AAAI} Conference on Artificial Intelligence,
               February 4-9, 2017, San Francisco, California, {USA.}},
  pages     = {2576--2582},
  year      = {2017}
}



@article{14survey,
  author    = {Arnold W. M. Smeulders and
               Dung Manh Chu and
               Rita Cucchiara and
               Simone Calderara and
               Afshin Dehghan and
               Mubarak Shah},
  title     = {Visual Tracking: An Experimental Survey},
  journal   = {{IEEE} Trans. Pattern Anal. Mach. Intell.},
  volume    = {36},
  number    = {7},
  pages     = {1442--1468},
  year      = {2014}
}

@article{yolo,
  title={You Only Look Once: Unified, Real-Time Object Detection},
  author={Redmon, Joseph and Divvala, Santosh and Girshick, Ross and Farhadi, Ali},
  pages={779-788},
  year={2015},
}


@article{DBLP:journals/corr/CehovinLLK16,
  author    = {Luka Cehovin and
               Alan Lukezic and
               Ales Leonardis and
               Matej Kristan},
  title     = {Beyond standard benchmarks: Parameterizing performance evaluation
               in visual object tracking},
  journal   = {CoRR},
  volume    = {abs/1612.00089},
  year      = {2016},
  url       = {http://arxiv.org/abs/1612.00089},
  timestamp = {Mon, 02 Jan 2017 11:09:15 +0100},
  biburl    = {http://dblp.uni-trier.de/rec/bib/journals/corr/CehovinLLK16},
  bibsource = {dblp computer science bibliography, http://dblp.org}
}

@inproceedings{faster,
  title={Faster R-CNN: towards real-time object detection with region proposal networks},
  author={Ren, Shaoqing and He, Kaiming and Girshick, Ross and Sun, Jian},
  booktitle={International Conference on Neural Information Processing Systems},
  pages={91-99},
  year={2015},
}

@article{ssd,
  title={SSD: Single Shot MultiBox Detector},
  author={Liu, Wei and Anguelov, Dragomir and Erhan, Dumitru and Szegedy, Christian and Reed, Scott and Fu, Cheng Yang and Berg, Alexander C.},
  pages={21-37},
  year={2015},
}

@article{06survey,
  author    = {Alper Yilmaz and
               Omar Javed and
               Mubarak Shah},
  title     = {Object tracking: {A} survey},
  journal   = {{ACM} Comput. Surv.},
  volume    = {38},
  number    = {4},
  pages     = {13},
  year      = {2006}
}

@inproceedings{rcnn,
  title={Rich feature hierarchies for accurate object detection and semantic segmentation},
  author={Girshick, Ross and Donahue, Jeff and Darrell, Trevor and Malik, Jitendra},
  booktitle={Proceedings of the IEEE conference on computer vision and pattern recognition},
  pages={580--587},
  year={2014}
}

@article{drt,
  title={Deep relative tracking},
  author={Gao, Junyu and Zhang, Tianzhu and Yang, Xiaoshan and Xu, Changsheng},
  journal={IEEE Transactions on Image Processing},
  volume={26},
  number={4},
  pages={1845--1858},
  year={2017},
  publisher={IEEE}
}


@inproceedings{deepsrdcf,
  title={Convolutional features for correlation filter based visual tracking},
  author={Danelljan, Martin and Hager, Gustav and Shahbaz Khan, Fahad and Felsberg, Michael},
  booktitle={Proceedings of the IEEE International Conference on Computer Vision Workshops},
  pages={58--66},
  year={2015}
}


@inproceedings{rtt,
  title={Recurrently target-attending tracking},
  author={Cui, Zhen and Xiao, Shengtao and Feng, Jiashi and Yan, Shuicheng},
  booktitle={Proceedings of the IEEE Conference on Computer Vision and Pattern Recognition},
  pages={1449--1458},
  year={2016}
}


@article{struck,
  title={Struck: Structured output tracking with kernels},
  author={Hare, Sam and Golodetz, Stuart and Saffari, Amir and Vineet, Vibhav and Cheng, Ming-Ming and Hicks, Stephen L and Torr, Philip HS},
  journal={IEEE transactions on pattern analysis and machine intelligence},
  volume={38},
  number={10},
  pages={2096--2109},
  year={2016},
  publisher={IEEE}
}


@article{tcnn,
  author    = {Hyeonseob Nam and
               Mooyeol Baek and
               Bohyung Han},
  title     = {Modeling and Propagating CNNs in a Tree Structure for Visual Tracking},
  journal   = {CoRR},
  volume    = {abs/1608.07242},
  year      = {2016}
}

@inproceedings{learnet,
  author    = {Luca Bertinetto and
               Jo{\~{a}}o F. Henriques and
               Jack Valmadre and
               Philip H. S. Torr and
               Andrea Vedaldi},
  title     = {Learning feed-forward one-shot learners},
  booktitle = {Advances in Neural Information Processing Systems 29: Annual Conference
               on Neural Information Processing Systems 2016, December 5-10, 2016,
               Barcelona, Spain},
  pages     = {523--531},
  year      = {2016}
}

@article{sanet,
  author    = {Heng Fan and
               Haibin Ling},
  title     = {SANet: Structure-Aware Network for Visual Tracking},
  journal   = {CoRR},
  volume    = {abs/1611.06878},
  year      = {2016}
}

@inproceedings{sint,
  author    = {Ran Tao and
               Efstratios Gavves and
               Arnold W. M. Smeulders},
  title     = {Siamese Instance Search for Tracking},
  booktitle = {2016 {IEEE} Conference on Computer Vision and Pattern Recognition,
               {CVPR} 2016, Las Vegas, NV, USA, June 27-30, 2016},
  pages     = {1420--1429},
  year      = {2016}
}

@article{rolo,
  title={Spatially Supervised Recurrent Convolutional Neural Networks for Visual Object Tracking},
  author={Ning, Guanghan and Zhang, Zhi and Huang, Chen and He, Zhihai and Ren, Xiaobo and Wang, Haohong},
  journal={arXiv preprint arXiv:1607.05781},
  year={2016}
}

@article{sodlt,
  title={Transferring rich feature hierarchies for robust visual tracking},
  author={Wang, Naiyan and Li, Siyi and Gupta, Abhinav and Yeung, Dit-Yan},
  journal={arXiv preprint arXiv:1501.04587},
  year={2015}
}

@inproceedings{fcnt,
  title={Visual tracking with fully convolutional networks},
  author={Wang, Lijun and Ouyang, Wanli and Wang, Xiaogang and Lu, Huchuan},
  booktitle={Proceedings of the IEEE International Conference on Computer Vision},
  pages={3119--3127},
  year={2015}
}

@inproceedings{srdcf,
  title={Learning Spatially Regularized Correlation Filters for Visual Tracking},
  author={Danelljan, Martin and Hager, Gustav and Khan, Fahad Shahbaz and Felsberg, Michael},
  booktitle={IEEE International Conference on Computer Vision},
  pages={4310-4318},
  year={2015},
}

@inproceedings{diagnose,
  title={Understanding and diagnosing visual tracking systems},
  author={Wang, Naiyan and Shi, Jianping and Yeung, Dit-Yan and Jia, Jiaya},
  booktitle={Proceedings of the IEEE International Conference on Computer Vision},
  pages={3101--3109},
  year={2015}
}

@article{squeezenet,
  author    = {Forrest N. Iandola and
               Matthew W. Moskewicz and
               Khalid Ashraf and
               Song Han and
               William J. Dally and
               Kurt Keutzer},
  title     = {SqueezeNet: AlexNet-level accuracy with 50x fewer parameters and {\textless}1MB
               model size},
  journal   = {CoRR},
  volume    = {abs/1602.07360},
  year      = {2016}
}

@inproceedings{zhu2016robust,
  title={Robust visual tracking with deep convolutional neural network based object proposals on PETS},
  author={Zhu, Gao and Porikli, Fatih and Li, Hongdong},
  booktitle={Proceedings of the IEEE Conference on Computer Vision and Pattern Recognition Workshops},
  pages={26--33},
  year={2016}
}

@inproceedings{hdt,
  title={Hedged Deep Tracking},
  author={Qi, Yuankai and Zhang, Shengping and Qin, Lei and Yao, Hongxun and Huang, Qingming and Yang, Jongwoo Lim Ming-Hsuan},
  booktitle={Proceedings of IEEE Conference on Computer Vision and Pattern Recognition},
  year={2016}
}

@article{cnt,
  title={Robust Visual Tracking via Convolutional Networks Without Training},
  author={Zhang, Kaihua and Liu, Qingshan and Wu, Yi and Yang, Ming-Hsuan},
  journal={IEEE Transactions on Image Processing},
  volume={25},
  number={4},
  pages={1779--1792},
  year={2016},
  publisher={IEEE}
}

@article{cnnspeech,
title={Convolutional Networks for Speech Detection},
author={Sukittanon, Somsak and Surendran, Arun C and Platt, John and Burges, Chris J C},
year={2004}}

@article{chen2016cnntracker:,
title={CNNTracker: Online discriminative object tracking via deep convolutional neural network},
author={Chen, Yan and Yang, Xiangnan and Zhong, Bineng and Pan, Shengnan and Chen, Duansheng and Zhang, Huizhen},
journal={Applied Soft Computing},
volume={38},
pages={1088--1098},
year={2016}}

@article{li2016deeptrack:,
title={DeepTrack: Learning Discriminative Feature Representations Online for Robust Visual Tracking},
author={Li, Hanxi and Li, Yi and Porikli, Fatih},
journal={IEEE Transactions on Image Processing},
volume={25},
number={4},
pages={1834--1848},
year={2016}}

@inproceedings{deeptrack,
  author    = {Hanxi Li and
               Yi Li and
               Fatih Porikli},
  title     = {DeepTrack: Learning Discriminative Feature Representations by Convolutional
               Neural Networks for Visual Tracking},
  booktitle = {British Machine Vision Conference, {BMVC} 2014, Nottingham, UK, September
               1-5, 2014},
  year      = {2014}
}

@article{chen2016network,
title={Network in network based weakly supervised learning for visual tracking},
author={Chen, Yan and Yang, Xiangnan and Zhong, Bineng and Zhang, Huizhen and Lin, Changlong},
journal={Journal of Visual Communication and Image Representation},
volume={37},
pages={3--13},
year={2016}}

@article{cnnsvm,
title={Online Tracking by Learning Discriminative Saliency Map with Convolutional Neural Network},
author={Hong, Seunghoon and You, Tackgeun and Kwak, Suha and Han, Bohyung},
pages={597--606},
year={2015}}

@article{li2014robust,
title={Robust Online Visual Tracking with a Single Convolutional Neural Network},
author={Li, Hanxi and Li, Yi and Porikli, Fatih},
pages={194--209},
year={2014}}

@article{lecun2010convolutional,
title={Convolutional networks and applications in vision},
author={Lecun, Yann and Kavukcuoglu, Koray and Farabet, Clement},
pages={253--256},
year={2010}}

@article{doulamis2014semi-supervised,
title={Semi-supervised deep learning for object tracking and classification},
author={Doulamis, Nikolaos and Doulamis, Anastasios},
pages={848--852},
year={2014}}

@article{dai2014a,
title={A low-complexity visual tracking approach with single hidden layer neural networks},
author={Dai, Liang and Zhu, Yuesheng and Luo, Guibo and He, Chao},
pages={810--814},
year={2014}}

@article{denil2012learning,
title={Learning where to attend with deep architectures for image tracking},
author={Denil, Misha and Bazzani, Loris and Larochelle, Hugo and De Freitas, Nando},
journal={Neural Computation},
volume={24},
number={8},
pages={2151--2184},
year={2012}}

@article{bazzani2011learning,
title={Learning Attentional Policies for Tracking and Recognition in Video with Deep Networks},
author={Bazzani, Loris and De Freitas, Nando and Larochelle, Hugo and Murino, Vittorio and Ting, Joanne},
pages={937--944},
year={2011}}

@article{wu2016regional,
title={Regional deep learning model for visual tracking},
author={Wu, Guoxing and Lu, Wenjie and Gao, Guangwei and Zhao, Chunxia and Liu, Jiayin},
journal={Neurocomputing},
volume={175},
pages={310--323},
year={2016}}

@article{li2016convolutional,
title={Convolutional neural net bagging for online visual tracking},
author={Li, Hanxi and Li, Yi and Porikli, Fatih},
journal={Computer Vision and Image Understanding},
volume={153},
pages={120--129},
year={2016}}

@article{ccot,
  title={Beyond correlation filters: Learning continuous convolution operators for visual tracking},
  author={Danelljan, Martin and Robinson, Andreas and Khan, Fahad Shahbaz and Felsberg, Michael},
  journal={arXiv preprint arXiv:1608.03773},
  year={2016}
}


@InProceedings{vggm,
  author       = "Chatfield, K. and Simonyan, K. and Vedaldi, A. and Zisserman, A.",
  title        = "Return of the Devil in the Details: Delving Deep into Convolutional Nets",
  booktitle    = "British Machine Vision Conference",
  year         = "2014",
  archivePrefix= "arXiv",
  eprint       = "1405.3531",
  primaryClass = "cs"
}

@inproceedings{deeptracking,
  author    = {Peter Ondruska and
               Ingmar Posner},
  title     = {Deep Tracking: Seeing Beyond Seeing Using Recurrent Neural Networks},
  booktitle = {Proceedings of the Thirtieth {AAAI} Conference on Artificial Intelligence,
               February 12-17, 2016, Phoenix, Arizona, {USA.}},
  pages     = {3361--3368},
  year      = {2016}
}

@article{vgg,
  author    = {Karen Simonyan and
               Andrew Zisserman},
  title     = {Very Deep Convolutional Networks for Large-Scale Image Recognition},
  journal   = {CoRR},
  volume    = {abs/1409.1556},
  year      = {2014}
}